@INPROCEEDINGS{liu20typeclasses,
  TITLE = {Verifying Replicated Data Types with Typeclass Refinements in Liquid Haskell},
  AUTHOR = {Yiyun Liu and James Parker and Patrick Redmond and Lindsey Kuper and Michael Hicks and Niki Vazou},
  BOOKTITLE = {Proceedings of the {ACM} Conference on Object-Oriented Programming Languages, Systems, and Applications (OOPSLA)},
  MONTH = OCT,
  YEAR = 2020
}

@InProceedings{Barbosa19,
author="Barbosa, Haniel
and Reynolds, Andrew
and El Ouraoui, Daniel
and Tinelli, Cesare
and Barrett, Clark",
editor="Fontaine, Pascal",
title="Extending SMT Solvers to Higher-Order Logic",
booktitle="Automated Deduction -- CADE 27",
year="2019",
publisher="Springer International Publishing",
address="Cham",
pages="35--54",
}

@TECHREPORT{BarST-RR-10,
  author =	 {Clark Barrett and Aaron Stump and Cesare Tinelli},
  title =	 {{The SMT-LIB Standard: Version 2.0}},
  institution =	 {Department of Computer Science, The University of Iowa},
  year =	 2010,
  note =	 {Available at {\tt www.SMT-LIB.org}}
}


@article{VazouTCSNWJ18,
  author    = {Niki Vazou and
               Anish Tondwalkar and
               Vikraman Choudhury and
               Ryan G. Scott and
               Ryan R. Newton and
               Philip Wadler and
               Ranjit Jhala},
  title     = {Refinement reflection: complete verification with {SMT}},
  journal   = {{PACMPL}},
  volume    = {2},
  number    = {{POPL}},
  pages     = {53:1--53:31},
  year      = {2018},
  url       = {https://doi.org/10.1145/3158141},
  doi       = {10.1145/3158141},
  timestamp = {Tue, 06 Nov 2018 12:51:05 +0100},
  biburl    = {https://dblp.org/rec/bib/journals/pacmpl/VazouTCSNWJ18},
  bibsource = {dblp computer science bibliography, https://dblp.org}
}


@inproceedings{TPE2018,
 author = {Vazou, Niki and Breitner, Joachim and Kunkel, Rose and Van Horn, David and Hutton, Graham},
 title = {Theorem Proving for All: Equational Reasoning in Liquid Haskell (Functional Pearl)},
 booktitle = {Proceedings of the 11th ACM SIGPLAN International Symposium on Haskell},
 series = {Haskell 2018},
 year = {2018},
 isbn = {978-1-4503-5835-4},
 location = {St. Louis, MO, USA},
 pages = {132--144},
 numpages = {13},
 url = {http://doi.acm.org/10.1145/3242744.3242756},
 doi = {10.1145/3242744.3242756},
 acmid = {3242756},
 publisher = {ACM},
 address = {New York, NY, USA},
 keywords = {Haskell, Liquid Haskell, equational reasoning, program optimization, theorem proving},
}

@inproceedings{10.1145/1411204.1411218,
author = {Guillemette, Louis-Julien and Monnier, Stefan},
title = {A Type-Preserving Compiler in Haskell},
year = {2008},
isbn = {9781595939197},
publisher = {Association for Computing Machinery},
address = {New York, NY, USA},
url = {https://doi.org/10.1145/1411204.1411218},
doi = {10.1145/1411204.1411218},
booktitle = {Proceedings of the 13th ACM SIGPLAN International Conference on Functional Programming},
pages = {75–86},
numpages = {12},
keywords = {de Bruijn, typed assembly language, higher-order abstract syntax, compilation},
location = {Victoria, BC, Canada},
series = {ICFP ’08}
}

@inproceedings{DBLP:conf/cade/MouraKADR15,
  author    = {Leonardo Mendon{\c{c}}a de Moura and
               Soonho Kong and
               Jeremy Avigad and
               Floris van Doorn and
               Jakob von Raumer},
  editor    = {Amy P. Felty and
               Aart Middeldorp},
  title     = {The Lean Theorem Prover (System Description)},
  booktitle = {Automated Deduction - {CADE-25} - 25th International Conference on
               Automated Deduction, Berlin, Germany, August 1-7, 2015, Proceedings},
  series    = {Lecture Notes in Computer Science},
  volume    = {9195},
  pages     = {378--388},
  publisher = {Springer},
  year      = {2015},
  url       = {https://doi.org/10.1007/978-3-319-21401-6\_26},
  doi       = {10.1007/978-3-319-21401-6\_26},
  timestamp = {Tue, 14 May 2019 10:00:39 +0200},
  biburl    = {https://dblp.org/rec/conf/cade/MouraKADR15.bib},
  bibsource = {dblp computer science bibliography, https://dblp.org}
}

@software{the_coq_development_team_2020_3744225,
  author       = {The Coq Development Team},
  title        = {The Coq Proof Assistant, version 8.11.0},
  month        = jan,
  year         = 2020,
  publisher    = {Zenodo},
  version      = {8.11.0},
  doi          = {10.5281/zenodo.3744225},
  url          = {https://doi.org/10.5281/zenodo.3744225}
}

@article{DBLP:journals/jfp/BiermanGHL12,
  author    = {Gavin M. Bierman and
               Andrew D. Gordon and
               Catalin Hritcu and
               David E. Langworthy},
  title     = {Semantic subtyping with an {SMT} solver},
  journal   = {J. Funct. Program.},
  volume    = {22},
  number    = {1},
  pages     = {31--105},
  year      = {2012},
  url       = {https://doi.org/10.1017/S0956796812000032},
  doi       = {10.1017/S0956796812000032},
  timestamp = {Sat, 27 May 2017 14:24:34 +0200},
  biburl    = {https://dblp.org/rec/journals/jfp/BiermanGHL12.bib},
  bibsource = {dblp computer science bibliography, https://dblp.org}
}

@ARTICLE{Wright94syntactic,
    author = {Andrew K. Wright and Matthias Felleisen},
    title = {A Syntactic Approach to Type Soundness},
    journal = {Information and {C}omputation},
    year = {1994},
    volume = 115,
    issue = {1},
    pages = {38--94},
}

@inproceedings{10.5555/1813347.1813352,
author = {Norell, Ulf},
title = {Dependently Typed Programming in Agda},
year = {2008},
isbn = {3642046517},
publisher = {Springer-Verlag},
address = {Berlin, Heidelberg},
booktitle = {Proceedings of the 6th International Conference on Advanced Functional Programming},
pages = {230–266},
numpages = {37},
location = {Heijen, The Netherlands},
series = {AFP’08}
}


















